% Encoding: UTF-8
@misc{chevalier2012corrected,
    title={Corrected Kriging update formulae for batch-sequential data assimilation},
    author={Cl√©ment Chevalier and David Ginsbourger},
    year={2012},
    eprint={1203.6452},
    archivePrefix={arXiv},
    primaryClass={stat.ML}
}

@Article{Robins1944,
  author  = {Robins, H. E.},
  title   = {On the measure of a random set},
  journal = {Ann. Math. Statistics},
  year    = {1944},
  volume  = {15},
  pages   = {70-74},
}

@Article{Bect.etal,
  author    = {Bect, J. and Bachoc, F. and Ginsbourger, D.},
  title     = {{A supermartingale approach to Gaussian process based sequential design of experiments}},
  journal   = {Bernoulli},
  year      = {2019},
  volume    = {25},
  number    = {4A},
  pages     = {2883-2919},
  doi       = {http://dx.doi.org/10.3150/18-BEJ1074},
  timestamp = {2016.09.22},
}

@InProceedings{Chevalier.etal2013a,
  author    = {Chevalier, C. and Ginsbourger, D. and Emery, X.},
  title     = {Corrected Kriging Update Formulae for Batch-Sequential Data Assimilation},
  booktitle = {Mathematics of Planet Earth},
  year      = {2013},
  editor    = {Pardo-Ig\'uzquiza, E. and Guardiola-Albert, C. and Heredia, J. and Moreno-Merino, L. and Dur\'an, J. and Vargas-Guzm\'an, J.},
  series    = {Lecture Notes in Earth System Sciences},
  publisher = {Springer, Berlin, Heidelberg},
  chapter   = {Corrected kriging update formulae for batch-sequential data assimilation},
  journal   = {Proceedings of the 15th annual conference of the international association for mathematical geosciences (to appear in Springer Lectures Notes in Earth System Sciences)},
  owner     = {ginsbourger},
  timestamp = {2013.06.11},
}

@Book{Molchanov2005,
  title     = {Theory of Random Sets},
  publisher = {Springer},
  year      = {2005},
  author    = {Molchanov, I.},
  address   = {London},
  owner     = {ginsbourger},
  timestamp = {2013.11.04},
}

@Article{Chevalier2015,
  author  = {Chevalier, C. and Emery, X. and Ginsbourger, D.},
  title   = {Fast update of conditional simulation ensembles},
  journal = {Mathematical geosciences},
  year    = {2015},
  volume  = {47},
  pages   = {771-789},
}

@Article{Bect.etal2012,
  author    = {Bect, J. and Ginsbourger, D. and Li, L. and Picheny, V. and Vazquez, E.},
  title     = {Sequential design of computer experiments for the estimation of a probability of failure},
  journal   = {Statistics and Computing},
  year      = {2012},
  volume    = {22 (3)},
  pages     = {773-793},
  owner     = {David},
  timestamp = {2011.01.16},
}

@Article{Fossum,
  author    = {Trygve O. Fossum and Cedric Travelletti and Jo Eidsvik and David
               Ginsbourger and Kanna Rajan},
  title     = {Autonomous Oceanographic Sampling Designs using Excursion Sets
               for Multivariate Gaussian random fields},
  journal   = {Annals of Applied Statistics},
  year      = {},
  notes =  {submitted},
}

@Comment{jabref-meta: databaseType:bibtex;}
